%%
%% some examples of bibtex entries, taken from graphbib
%% (http://www.siggraph.org/publications/bibliography/)
%%

@article{Jacobs:1997:PG,
  title = "An Algorithm for Two-Dimensional Rigidity Percolation: The Pebble Game ",
  journal = "Journal of Computational Physics ",
  volume = "137",
  number = "2",
  pages = "346 - 365",
  year = "1997",
  note = "",
  issn = "0021-9991",
  doi = "http://dx.doi.org/10.1006/jcph.1997.5809",
  url = "http://www.sciencedirect.com/science/article/pii/S0021999197958095",
  author = "Donald J. Jacobs and Bruce Hendrickson"
}

@ARTICLE{Lee:2007:PGA,
   author = {{Lee}, A. and {Streinu}, I.},
    title = "{Pebble Game Algorithms and Sparse Graphs}",
  journal = {ArXiv Mathematics e-prints},
   eprint = {math/0702129},
 keywords = {Mathematics - Combinatorics, Computer Science - Computational Geometry, 52C25, 68R10, 05C85},
     year = 2007,
    month = feb,
   adsurl = {http://adsabs.harvard.edu/abs/2007math......2129L},
  adsnote = {Provided by the SAO/NASA Astrophysics Data System}
}


@Article{Li:2010:PSO,
  title     = {Polynomial splines over general {T}-meshes},
  author    = {Xin Li and Jiansong Deng and Falai Chen},
  journal   = {The Visual Computer},
  volume    = 26,
  number    = 4,
  month     = apr,
  year      = 2010,
  pages     = {277-286},
}

@Article{Kazhdan:2008:SMF,
  title     = {Streaming Multigrid for Gradient-Domain Operations on Large Images},
  author    = {Michael Kazhdan and Hugues Hoppe},
  journal   = {ACM Transactions on Graphics},
  volume    = 27,
  number    = 3,
  month     = aug,
  year      = 2008,
  pages     = {Article 21, 10 pages},
}

@InProceedings{Peters:1997:BBC,
  title     = {Box-spline based {CSG} blends},
  author    = {J{\"{o}}rg Peters and Michael Wittman},
  booktitle = {SMA '97: Proceedings of the Fourth Symposium on Solid Modeling and Applications},
  month     = may,
  year      = 1997,
  pages     = {195-205},
}




@misc{Intro1,
  howpublished = {\url{http://arxiv.org/pdf/1204.6389.pdf}}
}

@misc{Necklace1,
  howpublished = {\url{http://www.pnas.org/content/101/46/16099.full}}
}

@misc{Necklace2,
  howpublished = {\url{http://jcb.rupress.org/content/197/6/697.figures-only}}
}

@misc{CellWalls1,
  howpublished = {\url{http://www.sciencephoto.com/media/10573/view}}
}

@misc{CellWalls2,
  howpublished = {\url{http://teachline.ls.huji.ac.il/72346/PlantCell/cellwall.html}}
}

@misc{SilicaGlass1,
  howpublished = {\url{http://arxiv.org/pdf/1303.5898v2.pdfw}}
}

@misc{SilicaGlass2,
  howpublished = {\url{http://www.sciencemag.org/content/342/6155/201.figures-only}}
}

@misc{JammedDisk1,
  howpublished = {\url{https://www.princeton.edu/~fhs/paper277/989_1-F6.jpg}}
}

@misc{Graphene1,
  howpublished = {\url{http://www.nature.com/srep/2013/131211/srep03482/full/srep03482.html}}
}

@misc{Graphene2,
  howpublished = {\url{http://www.nature.com/srep/2014/140211/srep04060/full/srep04060.html}}
}

@misc{Microfibrils1,
  howpublished = {\url{http://www.dna.caltech.edu/SupplementaryMaterial/DNA_Sierpinski_Triangles/SierpinskiDNA_supp_PLoS2004.pdf}}
}

@misc{Microfibrils2,
  howpublished = {\url{http://en.wikipedia.org/wiki/Fractal#mediaviewer/File:Finite_subdivision_of_a_radial_link.png}}
}

@misc{asdf,
  howpublished = {\url{asdf}}
}

@misc{asdf,
  howpublished = {\url{asdf}}
}

@misc{asdf,
  howpublished = {\url{asdf}}
}

@misc{asdf,
  howpublished = {\url{asdf}}
}

@misc{asdf,
  howpublished = {\url{asdf}}
}




