@ARTICLE{hoffman2001decompositionI,
  author = {Hoffman, Christoph M and Lomonosov, Andrew and Sitharam, Meera},
  title = {Decomposition plans for geometric constraint systems, Part I: Performance
	measures for CAD},
  journal = {Journal of Symbolic Computation},
  year = {2001},
  volume = {31},
  pages = {367--408},
  number = {4},
  doi = {10.1006/jsco.2000.0402},
  file = {hoffman2001decompositiona - Decomposition Plans for Geometric Constraint Problems, Part II New Algorithms.pdf:constraint solving\\hoffman2001decompositiona - Decomposition Plans for Geometric Constraint Problems, Part II New Algorithms.pdf:PDF},
  keywords = {Geometric constraint solving},
  owner = {doris},
  publisher = {Elsevier},
  timestamp = {2014.06.16}
}

@PHDTHESIS{lomonosov2004graph,
  author = {Lomonosov, Andrew},
  title = {Graph and combinatorial analysis for geometric constraint graphs},
  school = {University of Florida},
  year = {2004},
  owner = {doris},
  timestamp = {2014.12.18}
}

@ARTICLE{baker2015arxiv,
   author = {{Baker}, T. and {Sitharam}, M. and {Wang}, M. and {Willoughby}, J.
  },
    title = "{Optimal Decomposition and Recombination of Isostatic Geometric Constraint Systems for Designing Layered Materials}",
  journal = {ArXiv e-prints},
archivePrefix = "arXiv",
   eprint = {1507.01158},
 primaryClass = "cs.CG",
 keywords = {Computer Science - Computational Geometry},
     year = 2015,
    month = jul,
   adsurl = {http://adsabs.harvard.edu/abs/2015arXiv150701158B},
  adsnote = {Provided by the SAO/NASA Astrophysics Data System},
  note = {(To appear in CAGD)}
}

@ARTICLE{haller2010bodycad,
   author = {{Haller}, K. and {Lee-St.~John}, A. and {Sitharam}, M. and {Streinu}, I. and
  {White}, N.},
    title = "{Body-and-cad Geometric Constraint Systems}",
  journal = {ArXiv e-prints},
archivePrefix = "arXiv",
   eprint = {1006.1126},
 primaryClass = "cs.CG",
 keywords = {Computer Science - Computational Geometry, 68R10, 05C85, 05C50, I.3.5, J.6, G.2.1},
     year = 2010,
    month = jun,
   adsurl = {http://adsabs.harvard.edu/abs/2010arXiv1006.1126H},
  adsnote = {Provided by the SAO/NASA Astrophysics Data System}
}

@article{Haller2012385,
  title = "Body-and-cad geometric constraint systems ",
  journal = "Computational Geometry ",
  volume = "45",
  number = "8",
  pages = "385 - 405",
  year = "2012",
  note = "Geometric Constraints and Reasoning ",
  issn = "0925-7721",
  author = "Kirk Haller and Audrey Lee-St.John and Meera Sitharam and Ileana Streinu and Neil White",
  keywords = "Rigidity theory",
  keywords = "Computer aided design",
  keywords = "Geometric constraint system "
}

@inproceedings{sitharam2014dictlearning,
  author    = {Meera Sitharam and
               Mohamad Tarifi and
               Menghan Wang},
  title     = {An Incidence Geometry Approach to Dictionary Learning},
  booktitle = {Proceedings of the 26th Canadian Conference on Computational Geometry,
               {CCCG} 2014, Halifax, Nova Scotia, Canada, 2014},
  year      = {2014},
  crossref  = {DBLP:conf/cccg/2014},
  timestamp = {Mon, 26 Jan 2015 20:01:57 +0100},
  biburl    = {http://dblp.uni-trier.de/rec/bib/conf/cccg/SitharamTW14},
  bibsource = {dblp computer science bibliography, http://dblp.org}
}
