@article{baker2015optimal,
  title = "Optimal decomposition and recombination of isostatic geometric constraint systems for designing layered materials ",
  journal = "Computer Aided Geometric Design ",
  volume = "40",
  number = "",
  pages = "1 - 25",
  year = "2015",
  note = "",
  issn = "0167-8396",
  doi = "http://dx.doi.org/10.1016/j.cagd.2015.07.001",
  url = "http://www.sciencedirect.com/science/article/pii/S0167839615000941",
  author = "T. Baker and M. Sitharam and M. Wang and J. Willoughby",
  keywords = "Rigidity",
  keywords = "Geometric constraint solving",
  keywords = "Configuration spaces",
  keywords = "Self-similar structures",
  keywords = "Layered materials "
}
