@article{haller2012bodycad,
  author = {Haller, Kirk and Lee-St.John, Audrey and Sitharam, Meera and Streinu, Ileana and White, Neil},
  title = {Body-and-cad Geometric Constraint Systems},
  journal = {Comput. Geom. Theory Appl.},
  issue_date = {October, 2012},
  volume = {45},
  number = {8},
  month = oct,
  year = {2012},
  issn = {0925-7721},
  pages = {385--405},
  numpages = {21},
  url = {http://dx.doi.org/10.1016/j.comgeo.2010.06.003},
  doi = {10.1016/j.comgeo.2010.06.003},
  acmid = {2222378},
  publisher = {Elsevier Science Publishers B. V.},
  address = {Amsterdam, The Netherlands, The Netherlands},
  keywords = {Computer aided design, Geometric constraint system, Rigidity theory},
}
