@phdthesis{lomonosov2004thesis,
  author = {Lomonosov, Andrew},
  title = {Graph and combinatorial analysis for geometric constraint graphs},
  school = {University of Florida},
  year = {2004},
  timestamp = {2014.12.18}
}
